<?xml version="1.0" encoding="UTF-8"?><collection xmlns="http://www.loc.gov/MARC21/slim"><record><leader>00427nam--2200133-i-4500</leader><controlfield tag="001">000008503</controlfield><controlfield tag="002">20161230</controlfield><controlfield tag="005">20161230201027</controlfield><controlfield tag="008">060222s1000------------r-----000-0-eng-d</controlfield><datafield ind1=" " ind2=" " tag="245"><subfield code="a">Dpma. dictionary of physics and mathematics abbreviations, signs and symbols. managing editor herbert w.reich</subfield></datafield><datafield ind1=" " ind2=" " tag="260"><subfield code="a">New York, The Odyssey Press, 1965</subfield></datafield><datafield ind1=" " ind2=" " tag="490"><subfield code="a">Xvi+333p</subfield></datafield><datafield ind1=" " ind2=" " tag="700"><subfield code="a">Polon, David D</subfield></datafield><datafield ind1=" " ind2=" " tag="852"><subfield code="a">801.323.0+802.0+800.935:53:51</subfield></datafield></record></collection>